@Misc{IEEEtrans,
  title = 	 {Preparation of Papers for IEEE Sponsored Conferences \& Symposia},
  howpublished = "\url{http://controls.papercept.net/conferences/support/tex.php}",
  note = "[Online; accessed 21-October-2014]"
}

@Misc{Holst2010,
  author = 	 {Bodil Holst},
  title = 	 {Scientific Proposal and Paper Writing},
  howpublished = {Presentation},
  year = 	 {2010}
}

@misc{SciDevNetHowDoI,
  title = {How do I write a scientific paper?},
  howpublished = "\url{http://www.scidev.net/global/publishing/practical-guide/how-do-i-write-a-scientific-paper-.html}",
  year = {2008}, 
  note = "[Online; accessed 20-October-2014]"
}

@Misc{CorelDraw,
  title = {Corel Draw Graphics Suite},
  howpublished = "\url{http://www.coreldraw.com}",
  note = "[Online; accessed 21-October-2014]"
}

@Misc{Inkscape,
  title = {Inkscape - Draw freely},
  howpublished = "\url{http://www.inkscape.org/}",
  note = "[Online; accessed 20-October-2014]"
}

@Misc{TikZ,
  title = {TikZ - TikZ ist kein Zeichenprogramm},
  author = {Till Tantau},
  howpublished = "\url{http://www.texample.net/tikz/}",
  note = "[Online; accessed 20-October-2014]"
}

@Misc{pgfplots,
  title = {PGFPlots - A LaTeX Package to create normal/logarithmic plots in two and three dimensions},
  author = {Christian Feuers√§nger},
  howpublished = "\url{http://pgfplots.sourceforge.net/}",
  note = "[Online; accessed 20-October-2014]"
}

@Misc{siunitx,
  author = 	 {Joseph Wright},
  title = 	 {siunitx - A comprehensive (SI) units package},
  howpublished = "\url{http://ctan.org/pkg/siunitx}",
  note = "[Online; accessed 21-October-2014]"
}